@book{ermoliev1976methods,
  title={Methods of stochastic programming},
  author={Ermoliev, Yuri M},
  volume={2},
  number={3},
  year={1976},
  publisher={Nauka, Moscow}
}

@article{nemirovskij1983problem,
  title={Problem complexity and method efficiency in optimization},
  author={Nemirovskij, Arkadij Semenovi{\v{c}} and Yudin, David Borisovich},
  year={1983},
  publisher={Wiley-Interscience}
}

@inproceedings{agarwal2010optimal,
  title={Optimal Algorithms for Online Convex Optimization with Multi-Point Bandit Feedback.},
  author={Agarwal, Alekh and Dekel, Ofer and Xiao, Lin},
  booktitle={Colt},
  pages={28--40},
  year={2010},
  organization={Citeseer}
}

@article{agarwal2011stochastic,
  title={Stochastic convex optimization with bandit feedback},
  author={Agarwal, Alekh and Foster, Dean P and Hsu, Daniel J and Kakade, Sham M and Rakhlin, Alexander},
  journal={Advances in Neural Information Processing Systems},
  volume={24},
  year={2011}
}

@article{shamir2017optimal,
  title={An optimal algorithm for bandit and zero-order convex optimization with two-point feedback},
  author={Shamir, Ohad},
  journal={The Journal of Machine Learning Research},
  volume={18},
  number={1},
  pages={1703--1713},
  year={2017},
  publisher={JMLR. org}
}

@article{Randomized_gradient_free_methods_in_convex_optimization,
  title={Randomized gradient-free methods in convex optimization},
  author={Gasnikov, Alexander and Dvinskikh, Darina and Dvurechensky, Pavel and Gorbunov, Eduard and Beznosikov, Aleksander and Lobanov, Alexander},
  journal={arXiv preprint arXiv:2211.13566},
  year={2022}
}

@article{nesterov2017random,
  title={Random gradient-free minimization of convex functions},
  author={Nesterov, Yurii and Spokoiny, Vladimir},
  journal={Foundations of Computational Mathematics},
  volume={17},
  pages={527--566},
  year={2017},
  publisher={Springer}
}

@article{gasnikov2017stochastic,
  title={Stochastic online optimization. Single-point and multi-point non-linear multi-armed bandits. Convex and strongly-convex case},
  author={Gasnikov, Alexander V and Krymova, Ekaterina A and Lagunovskaya, Anastasia A and Usmanova, Ilnura N and Fedorenko, Fedor A},
  journal={Automation and remote control},
  volume={78},
  pages={224--234},
  year={2017},
  publisher={Springer}
}

@article{akhtar2022zeroth,
  title={Zeroth and first order stochastic frank-wolfe algorithms for constrained optimization},
  author={Akhtar, Zeeshan and Rajawat, Ketan},
  journal={IEEE Transactions on Signal Processing},
  volume={70},
  pages={2119--2135},
  year={2022},
  publisher={IEEE}
}

@article{frank1956algorithm,
  title={An algorithm for quadratic programming},
  author={Frank, Marguerite and Wolfe, Philip},
  journal={Naval research logistics quarterly},
  volume={3},
  number={1-2},
  pages={95--110},
  year={1956},
  publisher={Wiley Online Library}
}

@article{hou2022distributed,
  title={Distributed momentum-based Frank-Wolfe algorithm for stochastic optimization},
  author={Hou, Jie and Zeng, Xianlin and Wang, Gang and Sun, Jian and Chen, Jie},
  journal={IEEE/CAA Journal of Automatica Sinica},
  year={2022},
  publisher={IEEE}
}

@inproceedings{sahu2019towards,
  title={Towards gradient free and projection free stochastic optimization},
  author={Sahu, Anit Kumar and Zaheer, Manzil and Kar, Soummya},
  booktitle={The 22nd International Conference on Artificial Intelligence and Statistics},
  pages={3468--3477},
  year={2019},
  organization={PMLR}
}

@inproceedings{jaggi2013revisiting,
  title={Revisiting Frank-Wolfe: Projection-free sparse convex optimization},
  author={Jaggi, Martin},
  booktitle={International conference on machine learning},
  pages={427--435},
  year={2013},
  organization={PMLR}
}

@article{krichene2015accelerated,
  title={Accelerated mirror descent in continuous and discrete time},
  author={Krichene, Walid and Bayen, Alexandre and Bartlett, Peter L},
  journal={Advances in neural information processing systems},
  volume={28},
  year={2015}
}

@article{d2021stochastic,
  title={Stochastic mirror descent: Convergence analysis and adaptive variants via the mirror stochastic Polyak stepsize},
  author={D'Orazio, Ryan and Loizou, Nicolas and Laradji, Issam and Mitliagkas, Ioannis},
  journal={arXiv preprint arXiv:2110.15412},
  year={2021}
}

@article{frei2007geometry,
  title={Geometry projection method for optimizing photonic nanostructures},
  author={Frei, WR and Tortorelli, DA and Johnson, HT},
  journal={Optics letters},
  volume={32},
  number={1},
  pages={77--79},
  year={2007},
  publisher={Optica Publishing Group}
}

@book{powell1994direct,
  title={A direct search optimization method that models the objective and constraint functions by linear interpolation},
  author={Powell, Michael JD},
  year={1994},
  publisher={Springer}
}

@article{hernandez2016general,
  title={A general framework for constrained Bayesian optimization using information-based search},
  author={Hern{\'a}ndez-Lobato, Jos{\'e} Miguel and Gelbart, Michael A and Adams, Ryan P and Hoffman, Matthew W and Ghahramani, Zoubin},
  year={2016},
  publisher={MIT Press}
}
